@inproceedings{Tsantalis2008CSMR, 
    author={Tsantalis, N. and Chaikalis, T. and Chatzigeorgiou, A.}, 
    booktitle={Proceedings of the 12th European Conference on Software Maintenance and Reengineering}, 
    title={JDeodorant: Identification and Removal of Type-Checking Bad Smells}, 
    year={2008}, 
    --month={April}, 
    pages={329-331}, 
    keywords={Java;polymorphism;software maintenance;software quality;source coding;Eclipse plug-in;JDeodorant;Java source code;polymorphism;refactorings;software maintenance;software quality;type-checking bad smells;Employment;Gettering;Informatics;Java;Object oriented programming;Programming profession;Runtime;Software maintenance;Software quality;Switches;Object oriented programming;Software maintenance;Software quality}, 
    doi={10.1109/CSMR.2008.4493342}, 
    ISSN={1534-5351},
}

@inproceedings{Potdar2014ICSME, 
    author={Potdar, Aniket and Shihab, Emad}, 
    booktitle={Proceedings of the IEEE International Conference on Software Maintenance and Evolution}, 
    title={An Exploratory Study on Self-Admitted Technical Debt}, 
    year={2014}, 
    --month={Sept}, 
    pages={91-100}, 
    keywords={Chromium;Complexity theory;Computer hacking;Correlation;Java;Software maintenance;Software comments;Technical debt}, 
    doi={10.1109/ICSME.2014.31}, 
    ISSN={1063-6773},
}